{
  "leader": "02919cam a2200457 i 4500",
  "fields": [
    {
      "001": "ocm00354406\\"
    },
    {
      "003": "OCoLC"
    },
    {
      "005": "20220630113225.0"
    },
    {
      "008": "720607s1972\\\\\\\\maua\\\\\\\\\\b\\\\\\\\001\\0\\eng\\\\"
    },
    {
      "010": {
        "ind1": "\\",
        "ind2": "\\",
        "subfields": [
          {
            "a": "   72177532 "
          }
        ]
      }
    },
    {
      "040": {
        "ind1": "\\",
        "ind2": "\\",
        "subfields": [
          {
            "a": "DLC"
          },
          {
            "b": "eng"
          },
          {
            "c": "DLC"
          },
          {
            "d": "BTCTA"
          },
          {
            "d": "PHA"
          },
          {
            "d": "OCLCF"
          },
          {
            "d": "OCLCQ"
          },
          {
            "d": "OCL"
          },
          {
            "d": "SFR"
          },
          {
            "d": "NLC"
          },
          {
            "d": "OCLCQ"
          },
          {
            "d": "PEX"
          },
          {
            "d": "OCLCQ"
          },
          {
            "d": "OCLCO"
          },
          {
            "d": "NZ1"
          },
          {
            "d": "GDC"
          },
          {
            "d": "OCL"
          },
          {
            "d": "OCLCO"
          }
        ]
      }
    },
    {
      "016": {
        "ind1": "\\",
        "ind2": "\\",
        "subfields": [
          {
            "a": "(AMICUS)000001302190"
          }
        ]
      }
    },
    {
      "019": {
        "ind1": "\\",
        "ind2": "\\",
        "subfields": [
          {
            "a": "15258701"
          },
          {
            "a": "678923873"
          }
        ]
      }
    },
    {
      "020": {
        "ind1": "\\",
        "ind2": "\\",
        "subfields": [
          {
            "a": "0395136490"
          }
        ]
      }
    },
    {
      "020": {
        "ind1": "\\",
        "ind2": "\\",
        "subfields": [
          {
            "a": "9780395136492"
          }
        ]
      }
    },
    {
      "035": {
        "ind1": "\\",
        "ind2": "\\",
        "subfields": [
          {
            "a": "(OCoLC)354406"
          },
          {
            "z": "(OCoLC)15258701"
          },
          {
            "z": "(OCoLC)678923873"
          }
        ]
      }
    },
    {
      "037": {
        "ind1": "\\",
        "ind2": "\\",
        "subfields": [
          {
            "c": "{dollar}8.95"
          }
        ]
      }
    },
    {
      "043": {
        "ind1": "\\",
        "ind2": "\\",
        "subfields": [
          {
            "a": "n-us-co"
          }
        ]
      }
    },
    {
      "050": {
        "ind1": "0",
        "ind2": "0",
        "subfields": [
          {
            "a": "HD5325.M63 1913"
          },
          {
            "b": "C853"
          }
        ]
      }
    },
    {
      "055": {
        "ind1": "\\",
        "ind2": "0",
        "subfields": [
          {
            "a": "HD5325"
          },
          {
            "b": ".M63 1913.C853"
          }
        ]
      }
    },
    {
      "082": {
        "ind1": "0",
        "ind2": "0",
        "subfields": [
          {
            "a": "331.892822330978851"
          },
          {
            "b": "MCG"
          }
        ]
      }
    },
    {
      "100": {
        "ind1": "1",
        "ind2": "\\",
        "subfields": [
          {
            "a": "McGovern, George S."
          },
          {
            "q": "(George Stanley),"
          },
          {
            "d": "1922-2012."
          }
        ]
      }
    },
    {
      "245": {
        "ind1": "1",
        "ind2": "4",
        "subfields": [
          {
            "a": "The great coalfield war"
          },
          {
            "c": "[by] George S. McGovern and Leonard F. Guttridge. Illustrated with photos. and with maps by Samuel H. Bryant."
          }
        ]
      }
    },
    {
      "260": {
        "ind1": "\\",
        "ind2": "\\",
        "subfields": [
          {
            "a": "Boston,"
          },
          {
            "b": "Houghton Mifflin,"
          },
          {
            "c": "1972."
          }
        ]
      }
    },
    {
      "300": {
        "ind1": "\\",
        "ind2": "\\",
        "subfields": [
          {
            "a": "xii, 383 pages"
          },
          {
            "b": "illustrations"
          },
          {
            "c": "24 cm"
          }
        ]
      }
    },
    {
      "336": {
        "ind1": "\\",
        "ind2": "\\",
        "subfields": [
          {
            "a": "text"
          },
          {
            "b": "txt"
          },
          {
            "2": "rdacontent"
          }
        ]
      }
    },
    {
      "337": {
        "ind1": "\\",
        "ind2": "\\",
        "subfields": [
          {
            "a": "unmediated"
          },
          {
            "b": "n"
          },
          {
            "2": "rdamedia"
          }
        ]
      }
    },
    {
      "338": {
        "ind1": "\\",
        "ind2": "\\",
        "subfields": [
          {
            "a": "volume"
          },
          {
            "b": "nc"
          },
          {
            "2": "rdacarrier"
          }
        ]
      }
    },
    {
      "504": {
        "ind1": "\\",
        "ind2": "\\",
        "subfields": [
          {
            "a": "Includes bibliographical references (pages 357-365)."
          }
        ]
      }
    },
    {
      "505": {
        "ind1": "0",
        "ind2": "\\",
        "subfields": [
          {
            "a": "The coal barons' domain -- Life and death in the properties -- Labor takes the offensive -- Bible class and dusty sepulchers -- The operators resist -- \"The battle cry of union\" -- Caliban must learn something -- A tumult threatened -- Martial law? -- Federal intervention -- Sabers on Main Street -- Congress investigates -- The terrible arbitrament -- Ludlow -- Canyons of strife -- A dilemma for the president -- Post-mortems, plots, and publicity -- The Canadian -- The commission -- The bloodstained lesson."
          }
        ]
      }
    },
    {
      "520": {
        "ind1": "\\",
        "ind2": "\\",
        "subfields": [
          {
            "a": "This is an account of a major conflict between American labor and industry between 1913 and 1914. Unrest began in the coal-bearing foothills of the Rocky Mountains where intolerable work conditions caused labor insurgence, which was met with capitalist resistance. It culminated when the Colorado National Guard and the Colorado Fuel & Iron Company camp guards attacked a tent colony of 1200 striking miners and their families. More than two dozen people were killed in what became known as the Ludlow Massacre. In all, the entire strike would lead to between 100 and 200 deaths and was a watershed moment in American labor relations."
          }
        ]
      }
    },
    {
      "650": {
        "ind1": "\\",
        "ind2": "0",
        "subfields": [
          {
            "a": "Coal Strike, Colo., 1913-1914."
          }
        ]
      }
    },
    {
      "651": {
        "ind1": "\\",
        "ind2": "7",
        "subfields": [
          {
            "a": "Colorado."
          },
          {
            "2": "fast"
          },
          {
            "0": "(OCoLC)fst01210251"
          }
        ]
      }
    },
    {
      "647": {
        "ind1": "\\",
        "ind2": "7",
        "subfields": [
          {
            "a": "Coal Strike"
          },
          {
            "c": "(Colorado :"
          },
          {
            "d": "1913-1914)"
          },
          {
            "2": "fast"
          },
          {
            "0": "(OCoLC)fst01404237"
          }
        ]
      }
    },
    {
      "648": {
        "ind1": "\\",
        "ind2": "7",
        "subfields": [
          {
            "a": "1913-1914"
          },
          {
            "2": "fast"
          }
        ]
      }
    },
    {
      "700": {
        "ind1": "1",
        "ind2": "\\",
        "subfields": [
          {
            "a": "Guttridge, Leonard F.,"
          },
          {
            "e": "author."
          }
        ]
      }
    },
    {
      "776": {
        "ind1": "0",
        "ind2": "8",
        "subfields": [
          {
            "i": "Online version:"
          },
          {
            "a": "McGovern, George S. (George Stanley), 1922-2012."
          },
          {
            "t": "Great coalfield war."
          },
          {
            "d": "Boston, Houghton Mifflin, 1972"
          },
          {
            "w": "(OCoLC)608946062"
          }
        ]
      }
    },
    {
      "994": {
        "ind1": "\\",
        "ind2": "\\",
        "subfields": [
          {
            "a": "Z0"
          },
          {
            "b": "NYRVC"
          }
        ]
      }
    },
    {
      "948": {
        "ind1": "\\",
        "ind2": "\\",
        "subfields": [
          {
            "h": "NO HOLDINGS IN NYRVC - 731 OTHER HOLDINGS"
          }
        ]
      }
    },
    {
      "999": {
        "ind1": "\\",
        "ind2": "\\",
        "subfields": [
          {
            "a": "00000000015410"
          },
          {
            "b": "Copy 1"
          }
        ]
      }
    },
    {
      "999": {
        "ind1": "\\",
        "ind2": "\\",
        "subfields": [
          {
            "a": "00000000015414"
          },
          {
            "b": "Copy 2"
          }
        ]
      }
    }
  ]
}